

Conferences
@STRING{DAFX99        = "Proc. 2nd {COST} {G}-6 {W}orkshop {D}igital {A}udio {E}ffects ({DAF}x99)"}
@STRING{DAFX02        = "Proc. 5th {I}nt. {C}onf. {D}igital {A}udio {E}ffects ({DAF}x-02)"}
@STRING{DAFX03        = "Proc. 6th {I}nt. {C}onf. {D}igital {A}udio {E}ffects ({DAF}x-03)"}
@STRING{DAFX04        = "Proc. 7th {I}nt. {C}onf. {D}igital {A}udio {E}ffects ({DAF}x-04)"}
@STRING{DAFX05        = "Proc. 8th {I}nt. {C}onf. {D}igital {A}udio {E}ffects ({DAF}x-05)"}
@STRING{DAFX06        = "Proc. 9th {I}nt. {C}onf. {D}igital {A}udio {E}ffects ({DAF}x-06)"}
@STRING{DAFX07        = "Proc. 10th {I}nt. {C}onf. {D}igital {A}udio {E}ffects ({DAF}x-07)"}
@STRING{DAFX08        = "Proc. 11th {I}nt. {C}onf. {D}igital {A}udio {E}ffects ({DAF}x-08)"}

@STRING{ICMC99        = "Proc. 1999 {I}nt. {C}omput. {M}usic {C}onf."}
@STRING{ICMC07        = "Proc. 2007 {I}nt. {C}omput. {M}usic {C}onf."}

@STRING{IEEE_CAS      = "Proc. {IEEE} {I}nt. {S}ymp. {C}ircuits {S}yst."}
@STRING{IEEE_CDC32    = "Proc. 32nd {IEEE} {C}onf. {D}ecision and {C}ontrol"}

@STRING{ICASSP        = "Proc. {IEEE} {I}nt. {C}onf. {A}coust., {S}peech, {S}ignal {P}rocess."}

@STRING{AES114CONV    = "Proc. 114th {AES} {C}onv."}
@STRING{AES115CONV    = "Proc. 115th {AES} {C}onv."}
@STRING{AES121CONV    = "Proc. 121st {AES} {C}onv."}

@STRING{NDS2005       = "Proc. 4th {I}nt. {W}orkshop {M}ultidimensional {S}yst., ({NDS} 2005)"}

@STRING{EUSIPCO_04     = "Proc. X{II} {E}ur. {S}ignal {P}rocess. {C}onf. ({EUSIPCO})"}

Journals
@STRING{JASA          = "J. Acoust. Soc. Am."}
@STRING{JAES          = "J. Audio Eng. Soc."}
@STRING{CMJ           = "Comput. Music J."}
@STRING{AEU_JEC       = "AE{\"U} Int. J. Electron. Commun."}

@STRING{SIAM_JSC           = "{SIAM} J. Sci. Comput."}
