

Conferences
@STRING{DAFX99        = "Proceedings of the 2nd {COST} {G}-6 {W}orkshop on {D}igital {A}udio {E}ffects ({DAF}x99)"}
@STRING{DAFX02        = "Proceedings of the 5th {I}nternational {C}onference on {D}igital {A}udio {E}ffects ({DAF}x-02)"}
@STRING{DAFX03        = "Proceedings of the 6th {I}nternational {C}onference on {D}igital {A}udio {E}ffects ({DAF}x-03)"}
@STRING{DAFX04        = "Proceedings of the 7th {I}nternational {C}onference on {D}igital {A}udio {E}ffects ({DAF}x-04)"}
@STRING{DAFX05        = "Proceedings of the 8th {I}nternational {C}onference on {D}igital {A}udio {E}ffects ({DAF}x-05)"}
@STRING{DAFX06        = "Proceedings of the 9th {I}nternational {C}onference on {D}igital {A}udio {E}ffects ({DAF}x-06)"}
@STRING{DAFX07        = "Proceedings of the 10th {I}nternational {C}onference on {D}igital {A}udio {E}ffects ({DAF}x-07)"}
@STRING{DAFX08        = "Proceedings of the 11th {I}nternational {C}onference on {D}igital {A}udio {E}ffects ({DAF}x-08)"}

@STRING{ICMC99        = "Proceedings of the 1999 {I}nternational {C}omputer {M}usic {C}onference"}
@STRING{ICMC07        = "Proceedings of the 2007 {I}nternational {C}omputer {M}usic {C}onference"}

@STRING{IEEE_ISCAS    = "Proceedings of the {IEEE} {I}nternational {S}ymposium on {C}ircuits and {S}ystems"}
@STRING{IEEE_CDC32    = "Proceedings of the 32nd {IEEE} {C}onference on {D}ecision and {C}ontrol"}

@STRING{ICASSP        = "Proceedings of the {IEEE} {I}nternational {C}onference on {A}coustics, {S}peech, and {S}ignal {P}rocessing ({ICASSP})"}


@STRING{AES114CONV   = "Proceedings of the 114th {A}udio {E}ngineering {S}ociety {C}onvention"}
@STRING{AES115CONV   = "Proceedings of the 115th {A}udio {E}ngineering {S}ociety {C}onvention"}
@STRING{AES121CONV   = "Proceedings of the 121st {A}udio {E}ngineering {S}ociety {C}onvention"}

@STRING{NDS2005       = "Proceedings of the 4th {I}nternational {W}orkshop on {M}ultidimensional {S}ystems, ({NDS} 2005)"}

@STRING{EUSIPCO_04     = "Proceedings of the X{II} {E}uropean {S}ignal {P}rocessing {C}onference ({EUSIPCO})"}


Journals
@STRING{JASA          = "Journal of the Acoustical Society of America"}
@STRING{JAES          = "Journal of the Audio Engineering Society"}
@STRING{CMJ           = "Computer Music Journal"}
@STRING{AEU_JEC       = "AE{\"U} International Journal of Electronics and Communications"}

@STRING{SIAM_JSC           = "{SIAM} Journal on Scientific Computing"}
