======================================================================
* R E F E R E N C E S
======================================================================
@article{SomeArticleA,
	author = {Some Author and Some Coauthor},
	title = {Title of the Article},
	journal = {Journal Name},
	year = {2011},
	pages = {123-134},
	volume = {56},
}

@article{SomeArticleB,
	author = {Some Other Author and Another Coauthor},
	title = {Title of the Other Article},
	journal = {Another Journal Name},
	year = {2012},
	pages = {234-245},
	volume = {67},
}

@phdthesis{ThesisA,
	author = {The Cited Thesis Author},
	title = {Title of the Cited Thesis},
	year = {2001},
	school = {University of Whatever},
}

@book{BookA,
	title={Book Title},
	author={The Cited Book Author},
	publisher={Some Publications, Inc.},
	year={2012},
	month={9},
	edition={5},
	isbn={123-4-456-12345-6},
}

@conference{ConferenceA,
	author = {Contribution Author and Some Coauthor},
	title = {Title of the Conference Contribution},
	booktitle = {Title of the Output Book},
	year = {2011},
	editor = {Name of the Editor},
	publisher = {Publisher},
	address = {City, Country},
	pages = {123--134},
}

@conference{ConferenceB,
	author = {Contribution Author and Some Coauthor and Some Other Person},
	title = {Title of the Second Conference Contribution},
	booktitle = {Title of the Second Output Book},
	year = {2012},
	editor = {Name of the Other Editor},
	publisher = {The Other Publisher},
	address = {City, Country},
	pages = {234--245},
}

@misc{MiscA,
	author = {Misc Author},
	title = {Title of Downloaded Document},
	year = {2009},
	month = {January},
	note = {2nd National Meeting on “Whatewer topic”, Wherever},
	url = {http://www.google.com},
}



======================================================================
* P U B L I C A T I O N S  O F  T H E  A U T H O R
======================================================================
@article{ArticleSurname2016a,
	author = {Author Name and Another Coauthor Name},
	title = {Title of the other Article},
	journal = {The Other Journal Name},
	year = {2016},
	pages = {23--45},
	volume = {6},
}

@article{ArticleSurname2017a,
	author = {Author Name and Coauthor Name},
	title = {Title of the Article},
	journal = {Journal Name},
	year = {2017},
	pages = {12--34},
	volume = {5},
}

@conference{ConferenceSurname2015a,
	author = {Author Name and First Coauthor Name and Second Coauthor Name},
	title = {Title of the Contribution},
	booktitle = {Conference Name 2018},
	year = {2015},
	address = {City, Country},
}

@conference{ConferenceSurname2016a,
	author = {Author Name and Some Other Coauthor Name},
	title = {Title of the other Contribution},
	booktitle = {The Other Conference Name 2018},
	year = {2016},
	address = {City, Country},
}

@misc{MiscSurname2014a,
	author = {Author Name and Coauthor Name},
	title = {LaTeX template for CTU FCE PhD thesis},
	url = {https://github.com/stranskyjan/phd-thesis-template},
	year = {2018},
	month = {May},
}
